
@book{nielsen_quantum_2000,
	address = {Cambridge ; New York},
	title = {Quantum computation and quantum information},
	isbn = {978-0-521-63235-5 978-0-521-63503-5},
	publisher = {Cambridge University Press},
	author = {Nielsen, Michael A. and Chuang, Isaac L.},
	year = {2000},
	keywords = {Quantum computers},
}

@article{vidal_computable_2002,
	title = {Computable measure of entanglement},
	volume = {65},
	issn = {1050-2947, 1094-1622},
	url = {http://link.aps.org/doi/10.1103/PhysRevA.65.032314},
	doi = {10.1103/PhysRevA.65.032314},
	language = {en},
	number = {3},
	urldate = {2015-12-17},
	journal = {Phys. Rev. A},
	author = {Vidal, G. and Werner, R. F.},
	month = feb,
	year = {2002},
	pages = {032314},
}

@book{gardiner_stochastic_2009,
	address = {Berlin},
	edition = {4. ed},
	series = {Springer series in synergetics},
	title = {Stochastic methods: a handbook for the natural and social sciences},
	isbn = {978-3-642-08962-6 978-3-540-70712-7},
	shorttitle = {Stochastic methods},
	publisher = {Springer},
	author = {Gardiner, Crispin W.},
	year = {2009},
	keywords = {Stochastic processes, Mathematische Physik, Stochastische Analysis, Stochastischer Prozess},
	file = {Table of Contents PDF:/home/votol/.zotero/zotero/rvgcjkxs.default/zotero/storage/URQXTBD8/Gardiner - 2009 - Stochastic methods a handbook for the natural and.pdf:application/pdf},
}

@article{weedbrook_gaussian_2012,
	title = {Gaussian quantum information},
	volume = {84},
	issn = {0034-6861, 1539-0756},
	url = {http://link.aps.org/doi/10.1103/RevModPhys.84.621},
	doi = {10.1103/RevModPhys.84.621},
	language = {en},
	number = {2},
	urldate = {2016-05-24},
	journal = {Rev. Mod. Phys.},
	author = {Weedbrook, Christian and Pirandola, Stefano and García-Patrón, Raúl and Cerf, Nicolas J. and Ralph, Timothy C. and Shapiro, Jeffrey H. and Lloyd, Seth},
	month = may,
	year = {2012},
	pages = {621--669},
}

@article{solntsev_generation_2014,
	title = {Generation of {Nonclassical} {Biphoton} {States} through {Cascaded} {Quantum} {Walks} on a {Nonlinear} {Chip}},
	volume = {4},
	issn = {2160-3308},
	url = {http://link.aps.org/doi/10.1103/PhysRevX.4.031007},
	doi = {10.1103/PhysRevX.4.031007},
	language = {en},
	number = {3},
	urldate = {2017-03-30},
	journal = {Phys. Rev. X},
	author = {Solntsev, Alexander S. and Setzpfandt, Frank and Clark, Alex S. and Wu, Che Wen and Collins, Matthew J. and Xiong, Chunle and Schreiber, Andreas and Katzschmann, Fabian and Eilenberger, Falk and Schiek, Roland and Sohler, Wolfgang and Mitchell, Arnan and Silberhorn, Christine and Eggleton, Benjamin J. and Pertsch, Thomas and Sukhorukov, Andrey A. and Neshev, Dragomir N. and Kivshar, Yuri S.},
	month = jul,
	year = {2014},
	pages = {031007},
}

@article{yang_manipulation_2014,
	title = {Manipulation of a two-photon state in a xi ( 2 ) -modulated nonlinear waveguide array},
	volume = {90},
	issn = {1050-2947, 1094-1622},
	url = {http://link.aps.org/doi/10.1103/PhysRevA.90.043842},
	doi = {10.1103/PhysRevA.90.043842},
	language = {en},
	number = {4},
	urldate = {2017-03-30},
	journal = {Phys. Rev. A},
	author = {Yang, Y. and Xu, P. and Lu, L. L. and Zhu, S. N.},
	month = oct,
	year = {2014},
	pages = {043842},
}

@article{zoubi_quantum_2017,
	title = {Quantum {Nonlinear} {Optics} in {Optomechanical} {Nanoscale} {Waveguides}},
	volume = {119},
	issn = {0031-9007, 1079-7114},
	url = {https://link.aps.org/doi/10.1103/PhysRevLett.119.123602},
	doi = {10.1103/PhysRevLett.119.123602},
	language = {en},
	number = {12},
	urldate = {2018-04-25},
	journal = {Phys. Rev. Lett.},
	author = {Zoubi, Hashem and Hammerer, Klemens},
	month = sep,
	year = {2017},
}

@article{solntsev_path-entangled_2017,
	title = {Path-entangled photon sources on nonlinear chips},
	volume = {2},
	issn = {24054283},
	url = {http://linkinghub.elsevier.com/retrieve/pii/S2405428316300168},
	doi = {10.1016/j.revip.2016.11.003},
	language = {en},
	urldate = {2018-03-01},
	journal = {Rev. Phys.},
	author = {Solntsev, Alexander S. and Sukhorukov, Andrey A.},
	month = nov,
	year = {2017},
	pages = {19--31},
}

@article{caspani_integrated_2017,
	title = {Integrated sources of photon quantum states based on nonlinear optics},
	volume = {6},
	issn = {2047-7538},
	url = {http://www.nature.com/doifinder/10.1038/lsa.2017.100},
	doi = {10.1038/lsa.2017.100},
	language = {en},
	number = {11},
	urldate = {2019-03-22},
	journal = {Light Sci. Appl.},
	author = {Caspani, Lucia and Xiong, Chunle and Eggleton, Benjamin J and Bajoni, Daniele and Liscidini, Marco and Galli, Matteo and Morandotti, Roberto and Moss, David J},
	month = nov,
	year = {2017},
	pages = {e17100},
	file = {Полный текст:/home/votol/.zotero/zotero/rvgcjkxs.default/zotero/storage/HZSQE4CU/Caspani и др. - 2017 - Integrated sources of photon quantum states based .pdf:application/pdf},
}

@article{tura_detecting_2014,
	title = {Detecting nonlocality in many-body quantum states},
	volume = {344},
	issn = {0036-8075, 1095-9203},
	url = {http://www.sciencemag.org/cgi/doi/10.1126/science.1247715},
	doi = {10.1126/science.1247715},
	language = {en},
	number = {6189},
	urldate = {2019-03-22},
	journal = {Science},
	author = {Tura, J. and Augusiak, R. and Sainz, A. B. and Vertesi, T. and Lewenstein, M. and Acin, A.},
	month = jun,
	year = {2014},
	pages = {1256--1258},
	file = {Отправленная версия:/home/votol/.zotero/zotero/rvgcjkxs.default/zotero/storage/UMQYUG86/Tura и др. - 2014 - Detecting nonlocality in many-body quantum states.pdf:application/pdf},
}

@article{guo_parametric_2017,
	title = {Parametric down-conversion photon-pair source on a nanophotonic chip},
	volume = {6},
	issn = {2047-7538},
	url = {http://www.nature.com/articles/lsa2016249},
	doi = {10.1038/lsa.2016.249},
	language = {en},
	number = {5},
	urldate = {2019-06-20},
	journal = {Light Sci Appl},
	author = {Guo, Xiang and Zou, Chang-ling and Schuck, Carsten and Jung, Hojoong and Cheng, Risheng and Tang, Hong X},
	month = may,
	year = {2017},
	pages = {e16249--e16249},
	file = {Полный текст:/home/votol/.zotero/zotero/rvgcjkxs.default/zotero/storage/537URJJ4/Guo и др. - 2017 - Parametric down-conversion photon-pair source on a.pdf:application/pdf},
}

@article{matthews_manipulation_2009,
	title = {Manipulation of multiphoton entanglement in waveguide quantum circuits},
	volume = {3},
	issn = {1749-4885, 1749-4893},
	url = {http://www.nature.com/articles/nphoton.2009.93},
	doi = {10.1038/nphoton.2009.93},
	language = {en},
	number = {6},
	urldate = {2019-06-20},
	journal = {Nature Photon},
	author = {Matthews, Jonathan C. F. and Politi, Alberto and Stefanov, André and O'Brien, Jeremy L.},
	month = jun,
	year = {2009},
	pages = {346--350},
	file = {Отправленная версия:/home/votol/.zotero/zotero/rvgcjkxs.default/zotero/storage/APR7UVQS/Matthews и др. - 2009 - Manipulation of multiphoton entanglement in wavegu.pdf:application/pdf},
}

@article{silverstone_-chip_2014,
	title = {On-chip quantum interference between silicon photon-pair sources},
	volume = {8},
	issn = {1749-4885, 1749-4893},
	url = {http://www.nature.com/articles/nphoton.2013.339},
	doi = {10.1038/nphoton.2013.339},
	language = {en},
	number = {2},
	urldate = {2019-06-20},
	journal = {Nature Photon},
	author = {Silverstone, J. W. and Bonneau, D. and Ohira, K. and Suzuki, N. and Yoshida, H. and Iizuka, N. and Ezaki, M. and Natarajan, C. M. and Tanner, M. G. and Hadfield, R. H. and Zwiller, V. and Marshall, G. D. and Rarity, J. G. and O'Brien, J. L. and Thompson, M. G.},
	month = feb,
	year = {2014},
	pages = {104--108},
	file = {Полный текст:/home/votol/.zotero/zotero/rvgcjkxs.default/zotero/storage/HX5J6YTB/Silverstone и др. - 2014 - On-chip quantum interference between silicon photo.pdf:application/pdf},
}

@article{kruse_dual-path_2015,
	title = {Dual-path source engineering in integrated quantum optics},
	volume = {92},
	issn = {1050-2947, 1094-1622},
	url = {https://link.aps.org/doi/10.1103/PhysRevA.92.053841},
	doi = {10.1103/PhysRevA.92.053841},
	language = {en},
	number = {5},
	urldate = {2019-06-20},
	journal = {Phys. Rev. A},
	author = {Kruse, Regina and Sansoni, Linda and Brauner, Sebastian and Ricken, Raimund and Hamilton, Craig S. and Jex, Igor and Silberhorn, Christine},
	month = nov,
	year = {2015},
	pages = {053841},
	file = {Отправленная версия:/home/votol/.zotero/zotero/rvgcjkxs.default/zotero/storage/UMAQ77NG/Kruse и др. - 2015 - Dual-path source engineering in integrated quantum.pdf:application/pdf},
}

@article{tikhonenkov_quantum_2007,
	title = {Quantum dynamics of {Bose}-{Hubbard} {Hamiltonians} beyond the {Hartree}-{Fock}-{Bogoliubov} approximation: {The} {Bogoliubov} back-reaction approximation},
	volume = {75},
	issn = {1050-2947, 1094-1622},
	shorttitle = {Quantum dynamics of {Bose}-{Hubbard} {Hamiltonians} beyond the {Hartree}-{Fock}-{Bogoliubov} approximation},
	url = {https://link.aps.org/doi/10.1103/PhysRevA.75.013613},
	doi = {10.1103/PhysRevA.75.013613},
	language = {en},
	number = {1},
	urldate = {2020-11-13},
	journal = {Phys. Rev. A},
	author = {Tikhonenkov, I. and Anglin, J. R. and Vardi, A.},
	month = jan,
	year = {2007},
	pages = {013613},
	file = {Отправленная версия:/home/votol/.zotero/zotero/rvgcjkxs.default/zotero/storage/KUV25EN6/Tikhonenkov и др. - 2007 - Quantum dynamics of Bose-Hubbard Hamiltonians beyo.pdf:application/pdf},
}

@book{drummond_quantum_2014,
	address = {Cambridge},
	title = {The quantum theory of nonlinear optics},
	isbn = {978-0-511-78361-6 978-1-107-00421-4},
	url = {https://doi.org/10.1017/CBO9780511783616},
	language = {English},
	urldate = {2020-11-14},
	publisher = {Cambridge University Press},
	author = {Drummond, P. D and Hillery, Mark Stephen},
	year = {2014},
	note = {OCLC: 964867813},
}

@article{lai_entangled_2009,
	title = {Entangled {Quantum} {Nonlinear} {Schrödinger} {Solitons}},
	volume = {103},
	issn = {0031-9007, 1079-7114},
	url = {https://link.aps.org/doi/10.1103/PhysRevLett.103.013902},
	doi = {10.1103/PhysRevLett.103.013902},
	language = {en},
	number = {1},
	urldate = {2020-11-15},
	journal = {Phys. Rev. Lett.},
	author = {Lai, Yinchieh and Lee, Ray-Kuang},
	month = jul,
	year = {2009},
	pages = {013902},
	file = {Отправленная версия:/home/votol/.zotero/zotero/rvgcjkxs.default/zotero/storage/3CEPXIVN/Lai и Lee - 2009 - Entangled Quantum Nonlinear Schrödinger Solitons.pdf:application/pdf},
}

@article{corney_quantum_2001,
	title = {Quantum noise in optical fibers {II} {Raman} jitter in soliton communications},
	volume = {18},
	issn = {0740-3224, 1520-8540},
	url = {https://www.osapublishing.org/abstract.cfm?URI=josab-18-2-153},
	doi = {10.1364/JOSAB.18.000153},
	language = {en},
	number = {2},
	urldate = {2020-11-15},
	journal = {J. Opt. Soc. Am. B},
	author = {Corney, J. F. and Drummond, P. D.},
	month = feb,
	year = {2001},
	pages = {153},
	file = {Полный текст:/home/votol/.zotero/zotero/rvgcjkxs.default/zotero/storage/V97ZNCLD/Corney и Drummond - 2001 - Quantum noise in optical fibers II Raman jitter in.pdf:application/pdf},
}

@article{gebremariam_tesfahannes_generation_2020,
	title = {Generation of the bipartite entanglement and correlations in an optomechanical array},
	volume = {37},
	issn = {0740-3224, 1520-8540},
	url = {https://www.osapublishing.org/abstract.cfm?URI=josab-37-11-A245},
	doi = {10.1364/JOSAB.399097},
	language = {en},
	number = {11},
	urldate = {2020-11-15},
	journal = {J. Opt. Soc. Am. B},
	author = {Gebremariam Tesfahannes, Tesfay},
	month = nov,
	year = {2020},
	pages = {A245},
}

@article{christodoulides_discretizing_2003,
	title = {Discretizing light behaviour in linear and nonlinear waveguide lattices},
	volume = {424},
	issn = {0028-0836, 1476-4687},
	url = {http://www.nature.com/articles/nature01936},
	doi = {10.1038/nature01936},
	language = {en},
	number = {6950},
	urldate = {2020-11-15},
	journal = {Nature},
	author = {Christodoulides, Demetrios N. and Lederer, Falk and Silberberg, Yaron},
	month = aug,
	year = {2003},
	pages = {817--823},
}

@book{kevrekidis_discrete_2009,
	address = {Berlin},
	series = {Springer tracts in modern physics},
	title = {The discrete nonlinear {Schrödinger} equation: mathematical analysis, numerical computations and physical perspectives},
	isbn = {978-3-540-89199-4 978-3-540-89198-7},
	shorttitle = {The discrete nonlinear {Schrödinger} equation},
	language = {eng},
	number = {232},
	publisher = {Springer},
	editor = {Kevrekidis, Panayotis G. and Carretero-González, Ricardo},
	year = {2009},
	note = {OCLC: 430524031},
	file = {Table of Contents PDF:/home/votol/.zotero/zotero/rvgcjkxs.default/zotero/storage/KIZ6UZ66/Kevrekidis и Carretero-González - 2009 - The discrete nonlinear Schrödinger equation mathe.pdf:application/pdf},
}

@book{agarwal_quantum_2012,
	address = {Cambridge},
	title = {Quantum optics},
	isbn = {978-1-139-77633-2 978-1-139-03517-0 978-1-139-78236-4 978-1-139-77937-1},
	url = {https://doi.org/10.1017/CBO9781139035170},
	abstract = {"In the last decade many important advances have taken place in the field of quantum optics, with numerous potential applications. Ideal for graduate courses on quantum optics, this textbook provides an up-to-date account of the basic principles of the subject. Focusing on applications of quantum optics, the textbook covers recent developments such as engineering of quantum states, quantum optics on a chip, nano-mechanical mirrors, quantum entanglement, quantum metrology, spin squeezing, control of decoherence and many other key topics. Readers are guided through the principles of quantum optics and their uses in a wide variety of areas including quantum information science and quantum mechanics. The textbook features end-of-chapter exercises with solutions available for instructors at www.cambridge.org/9781107006409. It is invaluable to both graduate students and researchers in physics and photonics, quantum information science and quantum communications"--},
	language = {English},
	urldate = {2020-11-15},
	publisher = {Cambridge University Press},
	author = {Agarwal, G. S},
	year = {2012},
	note = {OCLC: 817224926},
}

@article{belsley_generating_2020,
	title = {Generating path entangled states in waveguide systems with second-order nonlinearity},
	volume = {28},
	url = {http://www.opticsexpress.org/abstract.cfm?URI=oe-28-20-28792},
	doi = {10.1364/OE.401303},
	abstract = {Spontaneous parametric down-conversion in coupled nonlinear waveguides is a flexible approach for generating tunable path entangled states. We describe a formalism based on the Cayley-Hamilton theorem to compute the quantum states generated by waveguide arrays for arbitrary system parameters. We find that all four Bell states can be generated in directional couplers with non-degenerate photons. Our method enables one to efficiently explore the phase space of waveguide systems and readily assess the robustness of any given state to variations in the system\&\#x2019;s parameters. We believe it represents a valuable tool for quantum state engineering in coupled waveguide systems.},
	language = {en},
	number = {20},
	journal = {Opt. Express},
	author = {Belsley, Alexandre and Pertsch, Thomas and Setzpfandt, Frank},
	year = {2020},
	note = {Publisher: OSA},
	keywords = {Array waveguide devices, Beam splitters, Optical directional couplers, Phase space analysis methods, Photonic integrated circuits, Quantum state engineering},
	pages = {28792--28809},
}
